@book{pragmatic1999,
  author = {Andrew Hunt and David Thomas and Ward Cunningham},
  interhash = {000ec09e4a4b5d08bce2cd9cbc2f9cef},
  intrahash = {a23fbe99cb4511ace090e030b30e70a3},
  publisher = {Addison-Wesley Longman, Amsterdam},
  title = {The Pragmatic Programmer. From Journeyman to Master},
  url = {http://www.amazon.de/Pragmatic-Programmer-Journeyman-Master/dp/020161622X%3FSubscriptionId%3D13CT5CVB80YFWJEPWS02%26tag%3Dws%26linkCode%3Dxm2%26camp%3D2025%26creative%3D165953%26creativeASIN%3D020161622X},
  year = 1999,
  ean = {9780201616224},
  keywords = {programming},
  added-at = {2010-03-23T20:57:18.000+0100},
  asin = {020161622X},
  description = {The Pragmatic Programmer. From Journeyman to Master: Amazon.de: Andrew Hunt, David Thomas, Ward Cunningham: Englische BÃ¼cher},
  isbn = {020161622X},
  biburl = {http://www.bibsonomy.org/bibtex/2a23fbe99cb4511ace090e030b30e70a3/franz},
  dewey = {005.1}
}

@book{97things2010,
 author = {Henney, Kevlin},
 title = {97 Things Every Programmer Should Know: Collective Wisdom from the Experts},
 year = {2010},
 isbn = {0596809484, 9780596809485},
 edition = {1st},
 publisher = {O'Reilly Media, Inc.},
}

@book{clean2009,
  author = {Robert C. Martin},
  interhash = {9e17563e02239539bb1774828ced166b},
  intrahash = {f4785e35de4fb8b65386ed68fe4f4869},
  publisher = {Prentice Hall},
  title = {Clean Code: A handbook of agile software craftsmanship},
  year = 2009,
  keywords = {readability source_code maintainability},
  added-at = {2010-02-25T15:22:51.000+0100},
  biburl = {http://www.bibsonomy.org/bibtex/2f4785e35de4fb8b65386ed68fe4f4869/sjbutler}
} 
